% This file was created with JabRef 2.9b2.
% Encoding: UTF-8

@ARTICLE{kasevichGustavson,
  author = {P. Bouyer and T. L. Gustavson and K. G. Haritos and M. A. Kasevich},
  title = {Microwave signal generation with optical injection locking},
  journal = {Optics Letters},
  year = {1996},
  volume = {21},
  pages = {1502-1504},
  number = {18},
  month = {September},
  bdsk-file-1 = {YnBsaXN0MDDUAQIDBAUGJCVYJHZlcnNpb25YJG9iamVjdHNZJGFyY2hpdmVyVCR0b3ASAAGGoKgHCBMUFRYaIVUkbnVsbNMJCgsMDRBWJGNsYXNzV05TLmtleXNaTlMub2JqZWN0c4AHog4PgAKAA6IREoAEgAVccmVsYXRpdmVQYXRoWWFsaWFzRGF0YV8QPC4uLy4uLy4uL3JlZmVyZW5jZS9hcnRpY2xlcy9LYXNldmljaEd1c3RhdnNvblJhbWFuTGFzZXJzLnBkZtIJFxgZV05TLmRhdGGABk8RAcYAAAAAAcYAAgAACWFyY2hpYmFsZAAAAAAAAAAAAAAAAAAAAAAAAMdyndNIKwAAAAmWAh9LYXNldmljaEd1c3RhdnNvblJhbSM1RjYxQTEucGRmAAAAAAAAAAAAAAAAAAAAAAAAAAAAAAAAAAAAAAAAAAAAX2GhyEfmYgAAAAAAAAAAAAMAAwAACSAAAAAAAAAAAAAAAAAAAAAIYXJ0aWNsZXMAEAAIAADHcvIzAAAAEQAIAADISCyyAAAAAQAQAAmWAgAJleAABavLAACRnwACAEVhcmNoaWJhbGQ6VXNlcnM6amw6cmVmZXJlbmNlOmFydGljbGVzOkthc2V2aWNoR3VzdGF2c29uUmFtIzVGNjFBMS5wZGYAAA4AQgAgAEsAYQBzAGUAdgBpAGMAaABHAHUAcwB0AGEAdgBzAG8AbgBSAGEAbQBhAG4ATABhAHMAZQByAHMALgBwAGQAZgAPABQACQBhAHIAYwBoAGkAYgBhAGwAZAASADxVc2Vycy9qbC9yZWZlcmVuY2UvYXJ0aWNsZXMvS2FzZXZpY2hHdXN0YXZzb25SYW1hbkxhc2Vycy5wZGYAEwABLwAAFQACAAn//wAA0hscHR5aJGNsYXNzbmFtZVgkY2xhc3Nlc11OU011dGFibGVEYXRhox0fIFZOU0RhdGFYTlNPYmplY3TSGxwiI1xOU0RpY3Rpb25hcnmiIiBfEA9OU0tleWVkQXJjaGl2ZXLRJidUcm9vdIABAAgAEQAaACMALQAyADcAQABGAE0AVABcAGcAaQBsAG4AcABzAHUAdwCEAI4AzQDSANoA3AKmAqsCtgK/As0C0QLYAuEC5gLzAvYDCAMLAxAAAAAAAAACAQAAAAAAAAAoAAAAAAAAAAAAAAAAAAADEg==},
  date-added = {2010-06-23 15:26:07 -0600},
  date-modified = {2010-06-23 15:35:24 -0600},
  keywords = {Raman, AOM, injection lock}
}

@BOOK{demilleBudkerKimball,
  title = {Atomic Physics: An exploration through problems and solutions},
  publisher = {Oxford University Press},
  year = {2008},
  author = {Dmitry Budker, Derek F. Kimball, David P. DeMille},
  edition = {second},
  date-added = {2012-04-06 18:16:25 -0600},
  date-modified = {2012-04-06 18:17:46 -0600}
}

@UNPUBLISHED{NSFprop,
  author = {Dallin S. Durfee},
  title = {Matterwave Interferometry with Ions},
  note = {Proposal submitted to the NSF},
  bdsk-file-1 = {YnBsaXN0MDDUAQIDBAUGJCVYJHZlcnNpb25YJG9iamVjdHNZJGFyY2hpdmVyVCR0b3ASAAGGoKgHCBMUFRYaIVUkbnVsbNMJCgsMDRBWJGNsYXNzV05TLmtleXNaTlMub2JqZWN0c4AHog4PgAKAA6IREoAEgAVccmVsYXRpdmVQYXRoWWFsaWFzRGF0YV8QNS4uLy4uLy4uL3JlZmVyZW5jZS9hcnRpY2xlcy9OU0ZfU3Ryb250aXVtUHJvcG9zYWwucGRm0gkXGBlXTlMuZGF0YYAGTxEBrAAAAAABrAACAAAJYXJjaGliYWxkAAAAAAAAAAAAAAAAAAAAAAAAx3Kd00grAAAACZYCGU5TRl9TdHJvbnRpdW1Qcm9wb3NhbC5wZGYAAAAAAAAAAAAAAAAAAAAAAAAAAAAAAAAAAAAAAAAAAAAAAAAAAABfYhPIR+bmAAAAAAAAAAAAAwADAAAJIAAAAAAAAAAAAAAAAAAAAAhhcnRpY2xlcwAQAAgAAMdy8jMAAAARAAgAAMhILTYAAAABABAACZYCAAmV4AAFq8sAAJGfAAIAP2FyY2hpYmFsZDpVc2VyczpqbDpyZWZlcmVuY2U6YXJ0aWNsZXM6TlNGX1N0cm9udGl1bVByb3Bvc2FsLnBkZgAADgA0ABkATgBTAEYAXwBTAHQAcgBvAG4AdABpAHUAbQBQAHIAbwBwAG8AcwBhAGwALgBwAGQAZgAPABQACQBhAHIAYwBoAGkAYgBhAGwAZAASADVVc2Vycy9qbC9yZWZlcmVuY2UvYXJ0aWNsZXMvTlNGX1N0cm9udGl1bVByb3Bvc2FsLnBkZgAAEwABLwAAFQACAAn//wAA0hscHR5aJGNsYXNzbmFtZVgkY2xhc3Nlc11OU011dGFibGVEYXRhox0fIFZOU0RhdGFYTlNPYmplY3TSGxwiI1xOU0RpY3Rpb25hcnmiIiBfEA9OU0tleWVkQXJjaGl2ZXLRJidUcm9vdIABAAgAEQAaACMALQAyADcAQABGAE0AVABcAGcAaQBsAG4AcABzAHUAdwCEAI4AxgDLANMA1QKFAooClQKeAqwCsAK3AsACxQLSAtUC5wLqAu8AAAAAAAACAQAAAAAAAAAoAAAAAAAAAAAAAAAAAAAC8Q==},
  date-added = {2010-06-24 16:02:00 -0600},
  date-modified = {2010-07-12 17:37:52 -0600}
}

@ARTICLE{durfeeGyro,
  author = {Durfee, D. S. and Shaham, Y. K. and Kasevich, M. A.},
  title = {Long-Term Stability of an Area-Reversible Atom-Interferometer Sagnac
	Gyroscope},
  journal = {Phys. Rev. Lett.},
  year = {2006},
  volume = {97},
  pages = {240801},
  number = {24},
  month = {Dec},
  bdsk-url-1 = {http://dx.doi.org/10.1103/PhysRevLett.97.240801},
  doi = {10.1103/PhysRevLett.97.240801},
  numpages = {4},
  publisher = {American Physical Society}
}

@PHDTHESIS{cjeDiss,
  author = {Christopher Joseph Erickson},
  title = {Development of a $^{87}$Sr$^+$ Interferometer},
  school = {Brigham Young University},
  year = {2011},
  month = {December},
  bdsk-file-1 = {YnBsaXN0MDDUAQIDBAUGJCVYJHZlcnNpb25YJG9iamVjdHNZJGFyY2hpdmVyVCR0b3ASAAGGoKgHCBMUFRYaIVUkbnVsbNMJCgsMDRBWJGNsYXNzV05TLmtleXNaTlMub2JqZWN0c4AHog4PgAKAA6IREoAEgAVccmVsYXRpdmVQYXRoWWFsaWFzRGF0YV8QPC4uLy4uLy4uL3JlZmVyZW5jZS9hcnRpY2xlcy9DSkVQaGREaXNzZXJ0YXRpb24yMDExXzExXzI5LnBkZtIJFxgZV05TLmRhdGGABk8RAcYAAAAAAcYAAgAACWFyY2hpYmFsZAAAAAAAAAAAAAAAAAAAAAAAAMdyndNIKwAAAAmWAh9DSkVQaGREaXNzZXJ0YXRpb24yIzI4MEI2ODIucGRmAAAAAAAAAAAAAAAAAAAAAAAAAAAAAAAAAAAAAAAAAAACgLaCzLGtqgAAAAAAAAAAAAMAAwAACSAAAAAAAAAAAAAAAAAAAAAIYXJ0aWNsZXMAEAAIAADHcvIzAAAAEQAIAADMsfP6AAAAAQAQAAmWAgAJleAABavLAACRnwACAEVhcmNoaWJhbGQ6VXNlcnM6amw6cmVmZXJlbmNlOmFydGljbGVzOkNKRVBoZERpc3NlcnRhdGlvbjIjMjgwQjY4Mi5wZGYAAA4AQgAgAEMASgBFAFAAaABkAEQAaQBzAHMAZQByAHQAYQB0AGkAbwBuADIAMAAxADEAXwAxADEAXwAyADkALgBwAGQAZgAPABQACQBhAHIAYwBoAGkAYgBhAGwAZAASADxVc2Vycy9qbC9yZWZlcmVuY2UvYXJ0aWNsZXMvQ0pFUGhkRGlzc2VydGF0aW9uMjAxMV8xMV8yOS5wZGYAEwABLwAAFQACAAn//wAA0hscHR5aJGNsYXNzbmFtZVgkY2xhc3Nlc11OU011dGFibGVEYXRhox0fIFZOU0RhdGFYTlNPYmplY3TSGxwiI1xOU0RpY3Rpb25hcnmiIiBfEA9OU0tleWVkQXJjaGl2ZXLRJidUcm9vdIABAAgAEQAaACMALQAyADcAQABGAE0AVABcAGcAaQBsAG4AcABzAHUAdwCEAI4AzQDSANoA3AKmAqsCtgK/As0C0QLYAuEC5gLzAvYDCAMLAxAAAAAAAAACAQAAAAAAAAAoAAAAAAAAAAAAAAAAAAADEg==},
  date-added = {2013-05-27 19:30:11 -0500},
  date-modified = {2013-05-27 19:32:58 -0500}
}

@BOOK{footAtomicPhysics,
  title = {Atomic Physics},
  publisher = {Oxford University Press},
  year = {2005},
  author = {C. J. Foot},
  series = {Oxford Master Series in Atomic, Optical and Laser Physics},
  address = {Great Clarendon Street, Oxford OX2 6DP},
  date-added = {2012-04-06 17:55:37 -0600},
  date-modified = {2012-04-06 17:57:38 -0600}
}

@ARTICLE{hilbornNoGetConfused,
  author = {Robert C. Hilborn},
  title = {Einstein coefficients, cross sections, f values, dipole moments,
	and all that},
  journal = {arXiv:physics/0202029v1},
  year = {2002},
  bdsk-file-1 = {YnBsaXN0MDDUAQIDBAUGJCVYJHZlcnNpb25YJG9iamVjdHNZJGFyY2hpdmVyVCR0b3ASAAGGoKgHCBMUFRYaIVUkbnVsbNMJCgsMDRBWJGNsYXNzV05TLmtleXNaTlMub2JqZWN0c4AHog4PgAKAA6IREoAEgAVccmVsYXRpdmVQYXRoWWFsaWFzRGF0YV8QJy4uLy4uLy4uL3JlZmVyZW5jZS9hcnRpY2xlcy8wMjAyMDI5LnBkZtIJFxgZV05TLmRhdGGABk8RAXQAAAAAAXQAAgAACWFyY2hpYmFsZAAAAAAAAAAAAAAAAAAAAAAAAMdyndNIKwAAAAmWAgswMjAyMDI5LnBkZgAAAAAAAAAAAAAAAAAAAAAAAAAAAAAAAAAAAAAAAAAAAAAAAAAAAAAAAAAAAAAAAAAAAAACWaqjy6DDqQAAAAAAAAAAAAMAAwAACSAAAAAAAAAAAAAAAAAAAAAIYXJ0aWNsZXMAEAAIAADHcvIzAAAAEQAIAADLoQn5AAAAAQAQAAmWAgAJleAABavLAACRnwACADFhcmNoaWJhbGQ6VXNlcnM6amw6cmVmZXJlbmNlOmFydGljbGVzOjAyMDIwMjkucGRmAAAOABgACwAwADIAMAAyADAAMgA5AC4AcABkAGYADwAUAAkAYQByAGMAaABpAGIAYQBsAGQAEgAnVXNlcnMvamwvcmVmZXJlbmNlL2FydGljbGVzLzAyMDIwMjkucGRmAAATAAEvAAAVAAIACf//AADSGxwdHlokY2xhc3NuYW1lWCRjbGFzc2VzXU5TTXV0YWJsZURhdGGjHR8gVk5TRGF0YVhOU09iamVjdNIbHCIjXE5TRGljdGlvbmFyeaIiIF8QD05TS2V5ZWRBcmNoaXZlctEmJ1Ryb290gAEACAARABoAIwAtADIANwBAAEYATQBUAFwAZwBpAGwAbgBwAHMAdQB3AIQAjgC4AL0AxQDHAj8CRAJPAlgCZgJqAnECegJ/AowCjwKhAqQCqQAAAAAAAAIBAAAAAAAAACgAAAAAAAAAAAAAAAAAAAKr},
  date-added = {2012-04-06 17:09:02 -0600},
  date-modified = {2012-04-06 17:10:08 -0600}
}

@BOOK{jackson,
  title = {Electrodynamics},
  publisher = {Wiley},
  year = {1980},
  author = {John David Jackson},
  date-added = {2012-12-22 16:29:57 -0600},
  date-modified = {2012-12-22 16:30:21 -0600}
}

@ARTICLE{kasevichChu1991,
  author = {M. A. Kasevich and Steven Chu},
  title = {Atomic Interferometry Using Stimulated Raman Transitions},
  journal = {Phys. Rev. Lett.},
  year = {1991},
  volume = {67},
  pages = {181-184},
  number = {2},
  date-added = {2013-06-08 20:07:15 -0500},
  date-modified = {2013-06-08 20:08:46 -0500}
}

@ARTICLE{RamanBeamSplit,
  author = {E A Korsunsky},
  title = {Atomic beamsplitter based on Raman transitions in four standing light
	waves},
  journal = {Quantum Semiclass. Opt.},
  year = {1998},
  volume = {10},
  pages = {477-483},
  bdsk-file-1 = {YnBsaXN0MDDUAQIDBAUGJCVYJHZlcnNpb25YJG9iamVjdHNZJGFyY2hpdmVyVCR0b3ASAAGGoKgHCBMUFRYaIVUkbnVsbNMJCgsMDRBWJGNsYXNzV05TLmtleXNaTlMub2JqZWN0c4AHog4PgAKAA6IREoAEgAVccmVsYXRpdmVQYXRoWWFsaWFzRGF0YV8QMi4uLy4uLy4uL3JlZmVyZW5jZS9hcnRpY2xlcy8xMzU1LTUxMTFfMTBfM18wMDYucGRm0gkXGBlXTlMuZGF0YYAGTxEBngAAAAABngACAAAJYXJjaGliYWxkAAAAAAAAAAAAAAAAAAAAAAAAx3Kd00grAAAACZYCFjEzNTUtNTExMV8xMF8zXzAwNi5wZGYAAAAAAAAAAAAAAAAAAAAAAAAAAAAAAAAAAAAAAAAAAAAAAAAAAAAAAAI6j8bLAsfsAAAAAAAAAAAAAwADAAAJIAAAAAAAAAAAAAAAAAAAAAhhcnRpY2xlcwAQAAgAAMdy8jMAAAARAAgAAMsDHEwAAAABABAACZYCAAmV4AAFq8sAAJGfAAIAPGFyY2hpYmFsZDpVc2VyczpqbDpyZWZlcmVuY2U6YXJ0aWNsZXM6MTM1NS01MTExXzEwXzNfMDA2LnBkZgAOAC4AFgAxADMANQA1AC0ANQAxADEAMQBfADEAMABfADMAXwAwADAANgAuAHAAZABmAA8AFAAJAGEAcgBjAGgAaQBiAGEAbABkABIAMlVzZXJzL2psL3JlZmVyZW5jZS9hcnRpY2xlcy8xMzU1LTUxMTFfMTBfM18wMDYucGRmABMAAS8AABUAAgAJ//8AANIbHB0eWiRjbGFzc25hbWVYJGNsYXNzZXNdTlNNdXRhYmxlRGF0YaMdHyBWTlNEYXRhWE5TT2JqZWN00hscIiNcTlNEaWN0aW9uYXJ5oiIgXxAPTlNLZXllZEFyY2hpdmVy0SYnVHJvb3SAAQAIABEAGgAjAC0AMgA3AEAARgBNAFQAXABnAGkAbABuAHAAcwB1AHcAhACOAMMAyADQANICdAJ5AoQCjQKbAp8CpgKvArQCwQLEAtYC2QLeAAAAAAAAAgEAAAAAAAAAKAAAAAAAAAAAAAAAAAAAAuA=},
  date-added = {2012-04-06 17:32:13 -0600},
  date-modified = {2012-04-06 17:34:29 -0600}
}

@ARTICLE{LVIS,
  author = {Lu, Z. T. and Corwin, K. L. and Renn, M. J. and Anderson, M. H. and
	Cornell, E. A. and Wieman, C. E.},
  title = {Low-Velocity Intense Source of Atoms from a Magneto-optical Trap},
  journal = {Phys. Rev. Lett.},
  year = {1996},
  volume = {77},
  pages = {3331--3334},
  number = {16},
  month = {Oct},
  bdsk-url-1 = {http://dx.doi.org/10.1103/PhysRevLett.77.3331},
  doi = {10.1103/PhysRevLett.77.3331},
  numpages = {3},
  publisher = {American Physical Society}
}

@BOOK{lasersMilonniEberly,
  title = {Laser Physics},
  publisher = {John Wiley \& Sons, Inc.},
  year = {2010},
  author = {Peter W. Milonni and Joseph H. Eberly},
  owner = {jlarchibald},
  quality = {1},
  timestamp = {2013.08.14}
}

@ARTICLE{neyenhuisIon,
  author = {Neyenhuis, B. and Christensen, D. and Durfee, D. S.},
  title = {Testing Nonclassical Theories of Electromagnetism with Ion Interferometry},
  journal = {Phys. Rev. Lett.},
  year = {2007},
  volume = {99},
  pages = {200401},
  number = {20},
  month = {Nov},
  bdsk-url-1 = {http://dx.doi.org/10.1103/PhysRevLett.99.200401},
  date-modified = {2010-06-24 16:20:55 -0600},
  doi = {10.1103/PhysRevLett.99.200401},
  numpages = {4},
  publisher = {American Physical Society}
}

@BOOK{BYUOpticsBook,
  title = {Physics of Light and Optics},
  year = {2009},
  author = {Justin Peatross and Michael Ware},
  bdsk-file-1 = {YnBsaXN0MDDUAQIDBAUGJCVYJHZlcnNpb25YJG9iamVjdHNZJGFyY2hpdmVyVCR0b3ASAAGGoKgHCBMUFRYaIVUkbnVsbNMJCgsMDRBWJGNsYXNzV05TLmtleXNaTlMub2JqZWN0c4AHog4PgAKAA6IREoAEgAVccmVsYXRpdmVQYXRoWWFsaWFzRGF0YV8QMy4uLy4uLy4uL3JlZmVyZW5jZS9xdWlja1JlZmVyZW5jZS9CWVVPcHRpY3NCb29rLnBkZtIJFxgZV05TLmRhdGGABk8RAZ4AAAAAAZ4AAgAACWFyY2hpYmFsZAAAAAAAAAAAAAAAAAAAAAAAAMdyndNIKwAAAAuGNxFCWVVPcHRpY3NCb29rLnBkZgAAAAAAAAAAAAAAAAAAAAAAAAAAAAAAAAAAAAAAAAAAAAAAAAAAAAAAAAAAAAAAIO/Kx5nSHAAAAAAAAAAAAAMAAwAACSAAAAAAAAAAAAAAAAAAAAAOcXVpY2tSZWZlcmVuY2UAEAAIAADHcvIzAAAAEQAIAADHmiZ8AAAAAQAQAAuGNwAJleAABavLAACRnwACAD1hcmNoaWJhbGQ6VXNlcnM6amw6cmVmZXJlbmNlOnF1aWNrUmVmZXJlbmNlOkJZVU9wdGljc0Jvb2sucGRmAAAOACQAEQBCAFkAVQBPAHAAdABpAGMAcwBCAG8AbwBrAC4AcABkAGYADwAUAAkAYQByAGMAaABpAGIAYQBsAGQAEgAzVXNlcnMvamwvcmVmZXJlbmNlL3F1aWNrUmVmZXJlbmNlL0JZVU9wdGljc0Jvb2sucGRmAAATAAEvAAAVAAIACf//AADSGxwdHlokY2xhc3NuYW1lWCRjbGFzc2VzXU5TTXV0YWJsZURhdGGjHR8gVk5TRGF0YVhOU09iamVjdNIbHCIjXE5TRGljdGlvbmFyeaIiIF8QD05TS2V5ZWRBcmNoaXZlctEmJ1Ryb290gAEACAARABoAIwAtADIANwBAAEYATQBUAFwAZwBpAGwAbgBwAHMAdQB3AIQAjgDEAMkA0QDTAnUCegKFAo4CnAKgAqcCsAK1AsICxQLXAtoC3wAAAAAAAAIBAAAAAAAAACgAAAAAAAAAAAAAAAAAAALh},
  date-added = {2013-03-04 10:08:05 -0600},
  date-modified = {2013-03-04 10:11:23 -0600},
  rating = {4},
  read = {1}
}

@MISC{NISTasd,
  author = {Yu Ralchenko and A. E. Karmida and J. Reader and et. al.},
  title = {NIST Atomic Spectra Database (version 3.1.5)},
  month = {April},
  year = {2008},
  bdsk-url-1 = {http://physics.nist.gov/asd3},
  date-added = {2010-07-12 14:05:17 -0600},
  date-modified = {2010-07-12 17:44:06 -0600},
  lastchecked = {July 12, 2010},
  url = {http://physics.nist.gov/asd3}
}

@ARTICLE{safronova2photon,
  author = {M S Safronova and W R Johnson and U I Safronova},
  title = {Two-photon transitions in Ca+, Sr+ and Ba+ ions},
  journal = {J. Phys. B: At. Mol. Opt. Phys.},
  year = {2010},
  volume = {43},
  owner = {jlarchibald},
  quality = {1},
  timestamp = {2013.08.28}
}

@ARTICLE{safronovaTheory,
  author = {U. I. Safronova},
  title = {All-order perturbation calculation of energies, hyperfine constants,
	multipole polarizabilities, and blackbody radiation shift in $^{87}$Sr+},
  journal = {Physical Review A},
  year = {2010},
  volume = {82},
  number = {022504},
  bdsk-file-1 = {YnBsaXN0MDDUAQIDBAUGJCVYJHZlcnNpb25YJG9iamVjdHNZJGFyY2hpdmVyVCR0b3ASAAGGoKgHCBMUFRYaIVUkbnVsbNMJCgsMDRBWJGNsYXNzV05TLmtleXNaTlMub2JqZWN0c4AHog4PgAKAA6IREoAEgAVccmVsYXRpdmVQYXRoWWFsaWFzRGF0YV8QMi4uLy4uLy4uL3JlZmVyZW5jZS9hcnRpY2xlcy9QaHlzUmV2QS44Mi4wMjI1MDQucGRm0gkXGBlXTlMuZGF0YYAGTxEBngAAAAABngACAAAJYXJjaGliYWxkAAAAAAAAAAAAAAAAAAAAAAAAx3Kd00grAAAACZYCFlBoeXNSZXZBLjgyLjAyMjUwNC5wZGYAAAAAAAAAAAAAAAAAAAAAAAAAAAAAAAAAAAAAAAAAAAAAAAAAAAAAAAGkovnJygSoAAAAAAAAAAAAAwADAAAJIAAAAAAAAAAAAAAAAAAAAAhhcnRpY2xlcwAQAAgAAMdy8jMAAAARAAgAAMnKSvgAAAABABAACZYCAAmV4AAFq8sAAJGfAAIAPGFyY2hpYmFsZDpVc2VyczpqbDpyZWZlcmVuY2U6YXJ0aWNsZXM6UGh5c1JldkEuODIuMDIyNTA0LnBkZgAOAC4AFgBQAGgAeQBzAFIAZQB2AEEALgA4ADIALgAwADIAMgA1ADAANAAuAHAAZABmAA8AFAAJAGEAcgBjAGgAaQBiAGEAbABkABIAMlVzZXJzL2psL3JlZmVyZW5jZS9hcnRpY2xlcy9QaHlzUmV2QS44Mi4wMjI1MDQucGRmABMAAS8AABUAAgAJ//8AANIbHB0eWiRjbGFzc25hbWVYJGNsYXNzZXNdTlNNdXRhYmxlRGF0YaMdHyBWTlNEYXRhWE5TT2JqZWN00hscIiNcTlNEaWN0aW9uYXJ5oiIgXxAPTlNLZXllZEFyY2hpdmVy0SYnVHJvb3SAAQAIABEAGgAjAC0AMgA3AEAARgBNAFQAXABnAGkAbABuAHAAcwB1AHcAhACOAMMAyADQANICdAJ5AoQCjQKbAp8CpgKvArQCwQLEAtYC2QLeAAAAAAAAAgEAAAAAAAAAKAAAAAAAAAAAAAAAAAAAAuA=},
  date-added = {2011-11-29 12:44:43 -0700},
  date-modified = {2012-04-06 16:20:10 -0600},
  rating = {3},
  read = {1}
}

@ARTICLE{SiegmanBeamQuality,
  author = {A. E. Siegman},
  title = {How to (Maybe) Measure Laser Beam Quality},
  journal = {DPSS Lasers: Applications and Issues},
  year = {1998},
  volume = {17},
  bdsk-file-1 = {YnBsaXN0MDDUAQIDBAUGJCVYJHZlcnNpb25YJG9iamVjdHNZJGFyY2hpdmVyVCR0b3ASAAGGoKgHCBMUFRYaIVUkbnVsbNMJCgsMDRBWJGNsYXNzV05TLmtleXNaTlMub2JqZWN0c4AHog4PgAKAA6IREoAEgAVccmVsYXRpdmVQYXRoWWFsaWFzRGF0YV8QOi4uLy4uLy4uL3JlZmVyZW5jZS9hcnRpY2xlcy9TaWVnbWFuQmVhbVF1YWxpdHlUdXRvcmlhbC5wZGbSCRcYGVdOUy5kYXRhgAZPEQG+AAAAAAG+AAIAAAlhcmNoaWJhbGQAAAAAAAAAAAAAAAAAAAAAAADHcp3TSCsAAAAJlgIeU2llZ21hbkJlYW1RdWFsaXR5VHV0b3JpYWwucGRmAAAAAAAAAAAAAAAAAAAAAAAAAAAAAAAAAAAAAAAAAAAAAKJrDci/o3MAAAAAAAAAAAADAAMAAAkgAAAAAAAAAAAAAAAAAAAACGFydGljbGVzABAACAAAx3LyMwAAABEACAAAyL/pwwAAAAEAEAAJlgIACZXgAAWrywAAkZ8AAgBEYXJjaGliYWxkOlVzZXJzOmpsOnJlZmVyZW5jZTphcnRpY2xlczpTaWVnbWFuQmVhbVF1YWxpdHlUdXRvcmlhbC5wZGYADgA+AB4AUwBpAGUAZwBtAGEAbgBCAGUAYQBtAFEAdQBhAGwAaQB0AHkAVAB1AHQAbwByAGkAYQBsAC4AcABkAGYADwAUAAkAYQByAGMAaABpAGIAYQBsAGQAEgA6VXNlcnMvamwvcmVmZXJlbmNlL2FydGljbGVzL1NpZWdtYW5CZWFtUXVhbGl0eVR1dG9yaWFsLnBkZgATAAEvAAAVAAIACf//AADSGxwdHlokY2xhc3NuYW1lWCRjbGFzc2VzXU5TTXV0YWJsZURhdGGjHR8gVk5TRGF0YVhOU09iamVjdNIbHCIjXE5TRGljdGlvbmFyeaIiIF8QD05TS2V5ZWRBcmNoaXZlctEmJ1Ryb290gAEACAARABoAIwAtADIANwBAAEYATQBUAFwAZwBpAGwAbgBwAHMAdQB3AIQAjgDLANAA2ADaApwCoQKsArUCwwLHAs4C1wLcAukC7AL+AwEDBgAAAAAAAAIBAAAAAAAAACgAAAAAAAAAAAAAAAAAAAMI},
  date-added = {2011-11-17 17:08:24 -0700},
  date-modified = {2011-11-17 17:18:04 -0700}
}

@ARTICLE{WiemanHollberg,
  author = {Carl E. Wieman and Leo Hollberg},
  title = {Using diode lasers for atomic physics},
  journal = {Review of Scientific Instruments},
  year = {1991},
  volume = {62},
  number = {1},
  date-added = {2010-07-12 17:02:28 -0600},
  date-modified = {2010-07-12 17:03:51 -0600}
}

@ELECTRONIC{MellesGriotGaussian,
  title = {Gaussian Beam Optics},
  date-added = {2013-03-05 10:13:01 -0600},
  date-modified = {2013-03-06 09:12:24 -0600},
  publisher = {Melles Griot}
}

